@article{thiery_ogham_2020,
	title = {Ogham {Words}},
	copyright = {Creative Commons Attribution 4.0 International, Open Access},
	url = {https://zenodo.org/record/3611030},
	doi = {https://doi.org/10.5281/zenodo.3611029},
	abstract = {Ogham Words

words.csv describes the words which are the basis for the extraction of the inscriptions.

more at: https://github.com/ogi-ogham/oghamextractor/tree/master/words},
	author = {Thiery, Florian},
	month = jan,
	year = {2020}
}

@book{macalister_corpus_1949,
	address = {Dublin},
	title = {Corpus inscriptionum insularum {Celticarum}},
	number = {Vol II.},
	publisher = {Stationery Office},
	author = {Macalister, Robert Alexander Stewart},
	year = {1949}
}

@book{macalister_corpus_1945,
	address = {Dublin},
	title = {Corpus inscriptionum insularum {Celticarum}},
	number = {Vol. I},
	publisher = {Stationery Office},
	author = {Macalister, Robert Alexander Stewart},
	year = {1945}
}

@book{macmanus_guide_1997,
	address = {Maynooth},
	series = {Maynooth monographs},
	title = {A guide to {Ogam}},
	isbn = {978-1-870684-75-0},
	language = {eng},
	number = {4},
	publisher = {An Sagart},
	author = {MacManus, Damian},
	year = {1997},
	note = {OCLC: 248434889}
}
